@article{Biniaz2015threshold,
    author = {Ahmad Biniaz, Evangelos Kranakis, Anil Maheshwari and Michiel Smid},
    title = {Plane and Planarity Thresholds for Random Geometric Graphs},
    year = {2015}
}
